@book{mcapl_book,
   author={Louise A. Dennis and Michael Fisher},
   title={Verifiable Autonomous Systems:Using Rational Agents to Provide Assurance about Decisions Made by Machines},
   publisher={Cambridge University Press},
   year={2023}
   }

@inproceedings{hera,
	Author = {F. Lindner and M. Bentzen and B. Nebel},
	Title = "{The {HERA} Approach to Morally Competent Robots}",
	Booktitle = {Proc. IEEE/RSJ Int. Conf. Intelligent Robots and Systems (IROS)},
    year = {2017}}


@article{bremner19,
author={Paul Bremner and Louise A. Dennis and Michael Fisher and Alan F. Winfile
d},
title ={On Proactive, Transparent and Verifiable Ethical Reasoning for Robots},
journal={Proceedings of the IEEE special issue on Machine Ethics: The Design and
 Governance of Ethical AI and Autonomous Systems}}


@InProceedings{ferrando18,
   author = {Angelo Ferrando and Louise A. Dennis and Davide Ancona and Michael Fisher and Viviana Mascardi},
    title = {Verifying and Validating Autonomous Systems: an Integrated Approach},
booktitle = {8th IEEE International Conference on Runtime Verification},
year = 2018
}


@Manual{goalmanual,
  title = 	 {Programming Cognitive Agents in GOAL},
  author = 	 {Koen V. Hindriks},
  month = 	 {March},
  year = 	 2014}

@INPROCEEDINGS{rao:92a,
  author = {Rao, A. S. and Georgeff, M. P.},
  title = {{An Abstract Architecture for Rational Agents}},
  booktitle = {Proc. International Conference on Knowledge Representation and Reasoning
        (KR{\&}R)},
  year = {1992},
  pages = {439--449},
  publisher = {Morgan Kaufmann}
}

@TechReport{dennis17gwen,
  author =       {Louise A. Dennis},
  title =        {Gwendolen Semantics: 2017},
  institution =  {University of Liverpool, Department of Computer Science},
  year =         2017,
  number =       {ULCS-17-001}
}

@Article{dennis15:_two,
  author = 	 {Louise A. Dennis and Michael Fisher and Matt Webster},
  title = 	 {Two-stage agent program verification},
  journal = 	 {Journal of Logic and Computation},
  year = 	 2015}

@article{DBLP:journals/cacm/FisherDW13,
  author    = {Michael Fisher and
               Louise A. Dennis and
               Matthew P. Webster},
  title     = {Verifying autonomous systems},
  journal   = {Commun. ACM},
  volume    = {56},
  number    = {9},
  year      = {2013},
  pages     = {84-93},
  ee        = {http://doi.acm.org/10.1145/2494558},
  bibsource = {DBLP, http://dblp.uni-trier.de}
}

@article{dennis14:_pract,
year=2014,
issn={0928-8910},
journal={Automated Software Engineering},
doi={10.1007/s10515-014-0168-9},
title={Practical verification of decision-making in agent-based autonomous systems},
url={http://dx.doi.org/10.1007/s10515-014-0168-9},
publisher={Springer US},
keywords={Hybrid systems; Model checking; Agent architectures},
author={Dennis, Louise A. and Fisher, Michael and Lincoln, Nicholas K. and Lisitsa, Alexei and Veres, Sandor M.},
pages={1-55},
language={English}
}

@INCOLLECTION{emerson:90a,
  author = {E.~A. Emerson},
  title = {{T}emporal and {M}odal {L}ogic},
  booktitle = {Handbook of Theoretical Computer Science},
  publisher = {Elsevier},
  year = {1990},
  editor = {J.~van Leeuwen},
  pages = {996--1072}
}

@inproceedings{DALT10:abstraction,
  author="Dennis, L. A. and Fisher, M. and
           Lincoln, N. and Lisitsa, A. and Veres, S. M.",
  title="{Declarative Abstractions for Agent Based Hybrid Control Systems}",
  booktitle="Proc. 8th Int. Workshop on Declarative Agent Languages and Technologies (DALT)",
   series="{LNCS}",
   publisher="Springer",
   volume=6619,
   pages="96--111",
year=2010
}

@INPROCEEDINGS{Gerth:1995:SOA:645837.670574,
  author = {Gerth, Rob and Peled, Doron and Vardi, Moshe Y. and Wolper, Pierre},
  title = {{Simple on-the-fly Automatic Verification of Linear Temporal Logic}},
  booktitle = {Proc. 15th IFIP WG6.1 International Symposium on Protocol Specification,
        Testing and Verification XV},
  year = {1996},
  pages = {3--18},
  address = {London, UK},
  publisher = {Chapman \& Hall, Ltd.},
  acmid = {670574},
  isbn = {0-412-71620-8},
  numpages = {16},
  url = {http://dl.acm.org/citation.cfm?id=645837.670574}
}

@INPROCEEDINGS{Courcoubetis92mea,
  author = {C. Courcoubetis and M. Vardi and P. Wolper and M. Yannakakis},
  title = {{Memory-efficient Algorithms for the Verification of Temporal Properties}},
  booktitle = {Formal Methods in System Design},
  year = {1992},
  pages = {275--288}
}

@BOOK{holzmann04spin,
  title = {The Spin Model Checker: Primer and Reference Manual},
  publisher = {Addison-Wesley},
  year = {2004},
  author = {Gerard Holzmann},
  owner = {VEC},
  timestamp = {2010.10.29}
}

@INPROCEEDINGS{havelund00formal,
  author = {Klaus Havelund and Mike Lowry and SeungJoon Park and Charles Pecheur
	and John Penix and Willem Visser and Jon L. White},
  title = {{Formal Analysis of the {Remote Agent} Before and After Flight}},
  booktitle = {Proc. 5th NASA Langley Formal Methods Workshop, Virginia, USA},
  year = {2000},
  owner = {matt},
  timestamp = {2012.05.24}
}

@MISC{kars96application,
  author = {Pim Kars},
  title = {{The Application of Promela and Spin in the BOS Project (Abstract)}},
  year = {1996},
  note = {\url{http://spinroot.com/spin/Workshops/ws96/Ka.pdf}. Accessed 2013-05-30.}
}

@MISC{kirsch11technical,
  author = {Michael T. Kirsch and Victoria A. Regenie and Michael L. Aguilar
	and Oscar Gonzalez and Michael Bay and Mitchell L. Davis and Cynthia
	H. Null and Robert C. Scully and Robert A. Kichak},
  title = {{Technical Support to the {National Highway Traffic Safety Administration
	(NHTSA)} on the Reported {Toyota Motor Corporation (TMC)} {Unintended
	Acceleration (UA)} Investigation}},
  howpublished = {NASA Engineering and Safety Center Technical Assessment Report},
  month = {January},
  year = {2011},
  owner = {matt},
  timestamp = {2013.05.31}
}

@INPROCEEDINGS{KNP11,
  author = {M. Kwiatkowska and G. Norman and D. Parker},
  title = {{{PRISM} 4.0: Verification of Probabilistic Real-time Systems}},
  booktitle = {Proc. 23rd International Conference on Computer Aided Verification},
  year = {2011},
  volume = {6806},
  series = {LNCS},
  pages = {585--591},
  publisher = {Springer}
}

@inproceedings{Dennis2016,
author="Dennis, Louise A.
and Aitken, Jonathan M.
and Collenette, Joe
and Cucco, Elisa
and Kamali, Maryam
and McAree, Owen
and Shaukat, Affan
and Atkinson, Katie
and Gao, Yang 
and Veres, Sandor M.
and Fisher, Michael",
editor="Alboul, Lyuba
and Damian, Dana
and Aitken, M. Jonathan",
title="Agent-Based Autonomous Systems and Abstraction Engines: Theory Meets Practice",
bookTitle="Towards Autonomous Robotic Systems: 17th Annual Conference, TAROS 2016, Sheffield, UK, June 26--July 1, 2016, Proceedings",
year="2016",
publisher="Springer International Publishing",
address="Cham",
pages="75--86",
isbn="978-3-319-40379-3",
doi="10.1007/978-3-319-40379-3_8",
url="http://dx.doi.org/10.1007/978-3-319-40379-3_8"
}

@ARTICLE{MCAPL_journal,
  author = {Dennis, L. A. and Fisher, M. and Webster, M. and Bordini, R. H.},
  title = {{Model Checking Agent Programming Languages}},
  journal = {Automated Software Engineering},
  year = {2012},
  volume = {19},
  pages = {5-63},
  number = {1},
  publisher = {Springer},
  theurl = {http://dx.doi.org/10.1007/s10515-011-0088-x}
}

@ARTICLE{VisserHBPL03,
  author = {Willem Visser and Klaus Havelund and Guillaume P. Brat and Seungjoon
        Park and Flavio Lerda},
  title = {{Model Checking Programs}},
  journal = {Automated Software Engineering},
  year = {2003},
  volume = {10},
  pages = {203-232},
  number = {2},
  owner = {matt},
  timestamp = {2013.05.31}
}

@INPROCEEDINGS{GOAL01,
  author = {K. V. Hindriks and F. S. {de Boer} and W. {van der Hoek} and J.-J.Ch
        Meyer},
  title = {{Agent Programming with Declarative Goals}},
  booktitle = {Intelligent Agents VII},
  year = {2001},
  volume = {1986},
  series = {LNAI},
  pages = {228--243},
  publisher = {Springer}
}

@article{Dennis2015,
title = "Formal verification of ethical choices in autonomous systems ",
journal = "Robotics and Autonomous Systems ",
volume = "",
number = "",
pages = " - ",
year = "2015",
note = "",
issn = "0921-8890",
doi = "http://dx.doi.org/10.1016/j.robot.2015.11.012",
url = "http://www.sciencedirect.com/science/article/pii/S0921889015003000",
author = "Louise Dennis and Michael Fisher and Marija Slavkovik and Matt Webster",
keywords = "Autonomous systems",
keywords = "Ethics",
keywords = "BDI programs",
keywords = "Formal verification "
}

@InProceedings{dennis15:_towar_verif_ethic_robot_behav,
        author =                         {Louise A. Dennis and Michael Fisher and Alan F. T. Winfield},
        title =                          {Towards Verifiably Ethical Robot Behaviour},
        booktitle = {AAAI Workshop on AI and Ethics (1st International Conference on AI and Ethics)},
        year =           2015,
        month =                  {January},
        address =        {Austin, TX}}

@article {springerlink:10.1007/s10515-011-0088-x,
   author = {Dennis, Louise and Fisher, Michael and Webster, Matthew and Bordini, Rafael},
   affiliation = {Department of Computer Science, University of Liverpool, Liverpool, L69 3BX UK},
   title = {Model checking agent programming languages},
   journal = {Automated Software Engineering},
   publisher = {Springer Netherlands},
   issn = {0928-8910},
   keyword = {Computer Science},
   pages = {1-59},
   url = {http://dx.doi.org/10.1007/s10515-011-0088-x},
   note = {10.1007/s10515-011-0088-x},
   year = {2011}
}